% Encoding: UTF-8

@Book{FAM16,
  title     = {Big Data},
  publisher = {Springer Fachmedien},
  year      = {2016},
  author    = {Daniel Fasel und Andreas Meier},
  editor    = {Mpessa},
  edition   = {HMD},
}

@Article{MER11,
  author  = {Adrian Merv},
  title   = {It’s going mainstream, and it’s your next opportunity},
  journal = {Teradata Magazine},
  year    = {2011},
}

@Book{KRU10,
  title     = {Doing Bayesian Data Analysis: A Tutorial with R and BUGS},
  publisher = {Academic press},
  year      = {2010},
  author    = {J. Kruschke},
  editor    = {Mpessa},
  address   = {Amsterdam},
}

@Book{BRI99,
  title     = {Modern Information Retrieval},
  publisher = {ACM Press},
  year      = {1999},
  author    = {R. Baeza-Yates, B. Ribeiro-Neto},
  editor    = {Mpessa},
  address   = {New York},
}

@Book{MRS08,
  title     = {Introduction to Information Retrieval},
  publisher = {Cambridge University Press},
  year      = {2008},
  author    = {Christopher D. Manning, Prabhakar Raghavan, Hinrich Schütze},
  editor    = {Mpessa},
  address   = {New York},
}

@Book{CBB13,
  title     = {Web Information Retrieval},
  publisher = {Springer-Verlag},
  year      = {2013},
  author    = {Stefano Ceri, Alessandro Bozzon, Marco Brambilla, Emanuele Della Valle, Piero Fraternali, Silvia Quarteroni},
  editor    = {Mpessa},
  address   = {Berlin Heidelberg},
}

@Book{MEL15,
  title     = {Introduction to Information Retrieval and Quantum Mechanics},
  publisher = {Springer-Verlag GmbH},
  year      = {2015},
  author    = {Massimo Melucci},
  editor    = {Mpessa},
  address   = {Berlin Heidelberg},
}

@Article{COM18,
  title   = {So schuetzen Sie sich vor der E-Mail Spam},
  journal = {Computer Bild},
  year    = {2018},
  month   = feb,
  url     = {http://www.computerbild.de/artikel/cb-Ratgeber-Internet-So-schuetzen-Sie-sich-vor-der-E-Mail-Spam-3574047.html},
}

@Article{LER10,
  title     = {Thomas Bayes},
  journal   = {Lernhelfer},
  year      = {2010},
  timestamp = {2017-12-30},
  url       = {https://www.lernhelfer.de/schuelerlexikon/mathematik-abitur/artikel/thomas-bayes},
}

@Article{GAB17,
  author    = {Prof. Dr. Oliver Bendel},
  title     = {Big Data},
  journal   = {Gabler Wirtschaftslexikon},
  year      = {2017},
  owner     = {Lisa},
  timestamp = {2018-06-09},
  url       = {https://wirtschaftslexikon.gabler.de/definition/big-data-54101},
}

@Proceedings{SAP12,
  title        = {Bayesian Locality Sensitive Hashing for Fast Similarity Search},
  year         = {2012},
  author       = {V. Satuluri, S. Parthasarathy},
  doi          = {10.14778/2140436.2140440},
  file         = {:C\:\\Users\\Lisa\\Google Drive\\Masterthesis\\Bayesian Locality Sensitive Hashing for Fast Similarity.pdf:PDF},
  howpublished = {Paper},
  owner        = {Lisa},
  timestamp    = {2018-06-09},
  url          = {https://arxiv.org/pdf/1110.1328.pdf},
}

@Proceedings{JWC07,
  title     = {Multi-Probe LSH: Efficient Indexing for High-Dimensional Similarity Search},
  year      = {2007},
  author    = {William Josephson Zhe Wang Moses Charikar Kai Li},
  file      = {:C\:\\Users\\Lisa\\Google Drive\\Masterthesis\\Multi-Probe LSH-Efficient Indexing for High Dimensional Similarity Search.pdf:PDF},
  owner     = {Lisa},
  timestamp = {2018-06-09},
  url       = {http://www.cs.princeton.edu/cass/papers/mplsh_vldb07.pdf},
}

@Misc{DIB18,
  author    = {Mitarbeiter Dibuco},
  title     = {Connected Insight},
  year      = {2018},
  comment   = {Dibuco interne Webseite für das Produkt BigData4Biz},
  owner     = {Lisa},
  timestamp = {2018-06-09},
  url       = {https://dibuco.atlassian.net/wiki/spaces/CI/pages/16291188/Product+-+Specification},
}

@Book{SHR11,
  title     = {Software-Architektur kompakt},
  publisher = {Spektrum Akademischer Verlag},
  year      = {2011},
  author    = {G. Starke, P. Hruschka},
  address   = {Heidelberg},
}

@Book{VAC09,
  title     = {Software-Architektur},
  publisher = {Spektrum Akademischer Verlag},
  year      = {2009},
  author    = {O. Vogel, I. Arnold, A. Chughtai, E. Ihler, T. Kehrer, U. Mehlig, U. Zdun},
}

@Article{ENZ17,
  author    = {Prof. Dr. Hasso Plattner},
  title     = {Big Data},
  year      = {2017},
  owner     = {Lisa},
  timestamp = {2018-06-09},
  url       = {http://www.enzyklopaedie-der-wirtschaftsinformatik.de/lexikon/daten-wissen/Datenmanagement/Datenmanagement--Konzepte-des/Big-Data},
}

@Misc{ELA18,
  title = {Elasticsearch reference},
  year  = {2018},
  url   = {https://www.elastic.co/guide/en/elasticsearch/reference/6.2/index-modules-similarity.html},
}

@Book{GCS14,
  title     = {Bayesian Data Analysis},
  publisher = {CRC Press},
  year      = {2014},
  author    = {Andrew Gelman, John B. Carlin, Hal S. Stern},
}

@Book{PBC12,
  title     = {Multilingual Information Retrieval - From research to practice},
  publisher = {Springer-Verlag},
  year      = {2012},
  author    = {Carol Peters, Martin Braschler, Paul Clough},
}

@Book{JAR07,
  title     = {Information retrieval und Künstliche Intelligenz},
  publisher = {Deutscher Universitäts-Verlag},
  year      = {2007},
  author    = {Helmut Jarosch},
}

@Book{MEB11,
  title     = {Advanced Topics in information Retrieval},
  publisher = {Springer-Verlag},
  year      = {2011},
  author    = {Massimo Melucci, Ricardo Baeza-Yates},
}

@Book{MET11,
  title     = {A Feature-Centric View of Information Retrieval},
  publisher = {Springer-Verlag},
  year      = {2011},
  author    = {Donald Metzler},
}

@Book{BAT17,
  title     = {Angewandte Datenanalyse - Der Bayes'sche Weg},
  publisher = {Springer Spektrum},
  year      = {2017},
  author    = {Daniel Bättig},
  comment   = {E-Book},
}

@Book{DEH06,
  title     = {Strukturelle Analyse Web-basierter Dokumente},
  publisher = {Deutscher Universitäts-Verlag},
  year      = {2006},
  author    = {Matthias Dehmer},
}

@Book{PEB06,
  title     = {Semantic Web - Wege zur vernetzten Wissensgesellschaft},
  publisher = {Springer-Verlag},
  year      = {2006},
  author    = {Tassilo Pellegrini, Andreas Blumauer},
}

@Conference{MIL09,
  author    = {Ralf Mikut, Urban Liebel},
  title     = {Visualisierungstechniken zum Information Retrieval für Textdokumente in der Biologie},
  year      = {2009},
  timestamp = {2018-06-09},
}

@Electronic{SKH06,
  author   = {Sang-Bum Kim, Kyoung-Soo Han, Hae-Chang Rim, and Sung Hyon Myaeng},
  month    = nov,
  year     = {2006},
  title    = {Some Effective Techniques for Naive Bayes Text Classification},
  language = {Englisch},
  url      = {https://ieeexplore.ieee.org/document/1704799/},
}

@Book{LEE12,
  title     = {Bayesian Statistics - An Introduction},
  publisher = {john Wiley and Sons Ltd},
  year      = {2012},
  author    = {Peter M. Lee},
  owner     = {Lisa},
  timestamp = {2018-06-11},
  url       = {https://lesen.amazon.de/?asin=B008FRAYHO},
}

@Book{LRL14,
  title     = {Mining of Massive Datasets},
  publisher = {Cambridge University Press},
  year      = {2014},
  author    = {Jure Leskovec, Anand Rajaraman, Milliway Labs, Jeffrey D. Ullman},
  file      = {:LRL14 - Mining of Massive Datasets.pdf:PDF},
  owner     = {Lisa},
  timestamp = {2018-06-12},
  url       = {http://infolab.stanford.edu/~ullman/mmds/book.pdf},
}

@Comment{jabref-meta: databaseType:bibtex;}
